%               Friday 23 November 2012 
%               Última versión de bibliografía. Contiene las referencias de llcomp-papers y tesis.Ruymán
%               Aigaion2 BibTeX export from A Web Based Annotated Bibliography All publications
%               Fichero exportado de aigaion y luego ordenado con bibtool
%               La versión más reciente de la bibliografía debería ser la de aigaion:
%               http://zion.pcg.ull.es/~rreyes/aigaion2/index.php/publications

BibTeX file
note            BibTeX-file
                Para ordenar ficheros bibtex con bibliografía, usar:
  
                bibtool -r /home/sande/bin/sande_bibtool.rsc -i entrada.bib -s -v -o salida.bib
  
                El fichero sande_bibtool.rsc está en /home/sande/bin/sande_bibtool.rsc
author          F. de Sande, fsande AT ull.es,
version         1.00,
date            23 April 2003,
filename        /home/sande/BIBLIOGRAFIA.bib,
address         Departamento de EIO y Computación
                Universidad de La Laguna
                38271 La Laguna, S/C de Tenerife,
                Canary Islands,
                Spain,
telephone       +34 922 318178,
FAX             +34 922 318170,
URL             http://webpages.ull.es/users/fsande,
keywords        bibliography, BibTeX, Parallel, OpenMP, MPI, Internet, Linux,,
Last update     2008/04/29 Ignorar comentarios, pretty printing
vim:ts=2:sw=2:expandtab:tw=80:fo=tcroq
vim:set fileencoding=utf8:set nu
====================================================================

%TFG Cap 1: Goals.

@Misc{URL::Android,
  author        = {{Android}},
  title         = {{Android}},
  year          = {2008},
  key           = {Android},
  howpublished = "\url{https://www.android.com/}",
  note          = "[Disponible electrónicamente; Último acceso enero de 2016]"
						
}

@Misc{URL::AndroidStudio,
  author        = {{IntelliJ}},
  title         = {{Android Studio}},
  year          = {2014},
  key           = {Android Studio},
  howpublished = "\url{https://developer.android.com/studio/index.html}",
  note          = "[Disponible electrónicamente; Último acceso junio de 2016]"
						
}

@Misc{URL::eclipseADT,
  author        = {{Google, Inc.}},
  title         = {{Eclipse con ADT plugin}},
  year          = {2012},
  key           = {Android Studio},
  howpublished = "\url{https://marketplace.eclipse.org/content/android-development-tools-eclipse}",
  note          = "[Disponible electrónicamente; Último acceso junio de 2016]"
						
}

@Misc{URL::importGradle,
  title         = {{Dependencia Gradle de AltBeacon}},
  howpublished = "\url{https://altbeacon.github.io/android-beacon-library/configure.html}",
  note          = "[Disponible electrónicamente; Último acceso junio de 2016]"
						
}

@Misc{URL::versionAltBeacon,
  author        = {{Google, Inc.}},
  title         = {{Diferentes versiones de Alt Beacon}},
  howpublished = "\url{https://altbeacon.github.io/android-beacon-library/download.html}",
  note          = "[Disponible electrónicamente; Último acceso junio de 2016]"
						
}


@Misc{URL::galileo,
  title         = {{Aplicación de la Universidad de Galileo}},
  howpublished = "\url{https://play.google.com/store/apps/details?id=edu.galileo.ges}",
  note          = "[Disponible electrónicamente; Último acceso junio de 2016]"
						
}

@Misc{URL::oviedo,
  title         = {{Aplicación de la Universidad de Oviedo}},
  howpublished = "\url{https://play.google.com/store/apps/details?id=es.uniovi.innova.unioviapp}",
  note          = "[Disponible electrónicamente; Último acceso junio de 2016]"
						
}

@Misc{URL::valladolid,
  title         = {{Aplicación de la Universidad de Valladolid}},
  howpublished = "\url{https://play.google.com/store/apps/details?id=com.pocketuniversity.uva}",
  note          = "[Disponible electrónicamente; Último acceso junio de 2016]"
						
}

@Misc{URL::trilateracion,
  title         = {{Algoritmo de Trilateración utilizado}},
  howpublished = "\url{https://github.com/lemmingapex/Trilateration}",
  note          = "[Disponible electrónicamente; Último acceso junio de 2016]"
						
}


@Misc{URL::repositorioAplicacion,
  author        = {{Laura Padron Jorge}},
  title         = {{Repositorio de la aplicación BulletPoint}},
  howpublished = "\url{https://github.com/ccetsii/BulletPoint}",
  note          = "[Disponible electrónicamente; Último acceso junio de 2016]"
						
}

@Misc{URL::licencia,
  title         = {{Licencia Creative CommonsReconocimiento-NoComercial-CompartirIgual 4.0 Internacional}},
  howpublished = "\url{https://creativecommons.org/licenses/by-nc-sa/4.0/deed.es_ES}",
  note          = "[Disponible electrónicamente; Último acceso junio de 2016]"
						
}


@Misc{URL:AndroidHistory,
	author={{AndroidHistory}},
	title={{AndroidHistory}},
	key={AndroidHistory},
	howpublished = "\url{https://www.android.com/history}",
  note          = "[Disponible electrónicamente; Último acceso enero de 2016]"
}

@Misc{URL::Github,
  author        = {{Github}},
  title         = {{Github}},
  year          = {2008},
  key           = {Github},
	howpublished = "\url{https://github.com/}",
  note          = "[Disponible electrónicamente; Último acceso enero de 2016]"
}

@Misc{URL::Beacon,
  title         = {Beacon},
  year          = {2014},
  key           = {Beacon},
	howpublished = "\url{http://meridianapps.com/news/2014/11/04/beacons}",
  note          = "[Disponible electrónicamente; Último acceso enero de 2016]"
}

@Misc{URL::manualLatex,
  title         = {Manual de Latex en español},
  year          = {2004},
  key           = {Manual},
	howpublished = "\url{http://www.fing.edu.uy/~canale/latex.pdf}",
  note          = "[Disponible electrónicamente; Último acceso junio de 2016]"
}

@Misc{URL::LaTeX,
 title         = {LaTeX},
 author        = {{LaTeX3 Project}} ,
 year          = {1985},
 key           = {LaTeX},
 howpublished = "\url{https://www.latex-project.org/}",
 note          = "[Disponible electrónicamente; Último acceso enero de 2016]"
}

@Misc{URL::IntelliJIDEA,
 title         = {IntelliJ IDEA},
 author        = {{IntelliJ IDEA}} ,
 year          = {2001},
 key           = {IntelliJ IDEA},
 howpublished = "\url{https://www.jetbrains.com/idea/}",
 note          = "[Disponible electrónicamente; Último acceso junio de 2016]"
}

@Misc{URL::Bluetooth,
  title         = {Bluetooth},
  author        = {{Jaap Haartsen y Mattisson Sven}},   
  year          = {1994},
  key           = {Bluetooth},
	howpublished = "\url{https://es.wikipedia.org/wiki/Bluetooth}",
  note          = "[Disponible electrónicamente; Último acceso enero de 2016]"
}

@Misc{URL::BluetoothLowEnergy,
  title         = {Bluetooth Low Energy},
  author        = {{Nokia}},  
  year          = {2010},
  key           = {BluetoothLowEnergy},
 	howpublished = "\url{https://en.wikipedia.org/wiki/Bluetooth_low_energy}",
  note          = "[Disponible electrónicamente; Último acceso enero de 2016]"
}

@Misc{URL::UUID,
  title         = {UUID},
  key           = {UUID},									
	howpublished = "\url{https://en.wikipedia.org/wiki/Universally_unique_identifier}",
  note          = "[Disponible electrónicamente; Último acceso enero de 2016]"
}

@Misc{URL::IOS7,
  title         = {IOS7},
  author        = {{Apple Inc.}},
  year          = {2014},
  key           = {IOS7},
	howpublished = "\url{https://es.wikipedia.org/wiki/IOS_7}",
  note          = "[Disponible electrónicamente; Último acceso enero de 2016]"
}

@Misc{URL::WindowsPhone,
  title         = {Windows Phone},
  author        = {{Microsoft}},
  year          = {2010},
  key           = {WindowsPhone},
	howpublished = "\url{https://es.wikipedia.org/wiki/Windows_Phone}",
  note          = "[Disponible electrónicamente; Último acceso enero de 2016]"
}

@Misc{URL::Blackberry,
  title         = {Blackberry},
  author        = {{Blackberry}},
  year          = {1999},
  key           = {Blackberry},
	howpublished = "\url{https://es.wikipedia.org/wiki/BlackBerry}",
  note          = "[Disponible electrónicamente; Último acceso enero de 2016]"
}


%Articulos acerca de los beacons
%http://www.forbes.com/sites/homaycotte/2015/09/01/beacon-technology-the-what-who-how-why-and-where/#2715e4857a0b721740c4fc19
%http://www.pointrlabs.com/blog/beacons-everything-you-need-to-know/
%http://uk.businessinsider.com/beacons-and-ibeacons-create-a-new-market-2013-12?r=US&IR=T
%Informacion de Aruba
%http://es.arubalab.com/xcadenas/
%http://meridianapps.com/news/2014/11/04/beacons/
%http://meridianapps.com/news/2015/02/03/editor/
